% This file was created with Citavi 5.5.0.1

@book{Brause.2017,
 author = {Brause, R{\"u}diger},
 year = {2017},
 title = {Betriebssysteme: Grundlagen und Konzepte},
 price = {(Book : EUR 34.99 (DE), EUR 35.97 (AT), CHF 36.00 (freier Preis))},
 address = {Berlin},
 edition = {4., erweiterte Auflage},
 publisher = {{Springer Vieweg}},
 isbn = {978-3-662-54099-2},
 institution = {{Springer-Verlag GmbH}}
}


@book{Comer.2015,
 author = {Comer, Douglas},
 year = {2015},
 title = {Operating system design: The Xinu approach},
 address = {London},
 edition = {2. ed.},
 publisher = {{Chapman {\&} Hall/CRC}},
 isbn = {978-1-4987-1243-9}
}


@book{Haberlein.2011,
 year = {2011},
 title = {Technische Informatik},
 address = {Wiesbaden},
 publisher = {Vieweg+Teubner},
 isbn = {978-3-8348-1372-5},
 editor = {H{\"a}berlein, Tobias}
}


@book{Herold.2012,
 author = {Herold, Helmut and Lurz, Bruno and Wohlrab, J{\"u}rgen},
 year = {2012},
 title = {Grundlagen der Informatik},
 address = {M{\"u}nchen},
 edition = {2., aktualisierte Aufl.},
 publisher = {Pearson},
 isbn = {978-3-86894-111-1},
 series = {Always learning}
}


@book{Tanenbaum.2016,
 author = {Tanenbaum, Andrew S. and Bos, Herbert},
 year = {2016},
 title = {Moderne Betriebssysteme},
 price = {(E-Book)},
 address = {Hallbergmoos/Germany},
 edition = {4., aktualisierte Auflage},
 publisher = {Pearson},
 isbn = {978-3868942705},
 series = {Always learning}
}


